@manual{manual,
author = "",
title = "Hardness Testing Lab Manual",
date = {},
language = {},
version = {},
organization = "University of Illinois at Urbana-Champaign",
pagetotal = "14",
pubstate = {},
}