@manual{manual,
author = "",
title = "Fracture Mechanics and Impact Manual",
date = {},
language = {},
version = {},
organization = "University of Illinois at Urbana-Champaign",
pagetotal = "12",
pubstate = {},
}

@book{book,
    author = "William D. Callister",
    title = "Fundamentals of Materials Science and Engineering: An Interactive Etext",
    publisher = "Wiley",
    year = "2000"
}

@online{nist,
title  = {Bi-Sn Phase Diagram & Computational Thermodynamics},
date   = {1996},
url    = {https://www.metallurgy.nist.gov/phase/solder/bisn.html}
}

@incollection{lab5paper,
title = {12.15 - Induction Hardening: Technology, Process Design, and Computer Modeling},
editor = {Saleem Hashmi and Gilmar Ferreira Batalha and Chester J. {Van Tyne} and Bekir Yilbas},
booktitle = {Comprehensive Materials Processing},
publisher = {Elsevier},
address = {Oxford},
pages = {489-580},
year = {2014},
isbn = {978-0-08-096533-8},
doi = {https://doi.org/10.1016/B978-0-08-096532-1.01217-6},
url = {https://www.sciencedirect.com/science/article/pii/B9780080965321012176},
author = {V.I. Rudnev and D. Loveless}
}

@article{pmma,
title = {Glass transition behavior of poly(methyl methacrylate) in compressed carbon dioxide revisited – New perspectives},
journal = {Thermochimica Acta},
volume = {713},
pages = {179250},
year = {2022},
issn = {0040-6031},
doi = {https://doi.org/10.1016/j.tca.2022.179250},
url = {https://www.sciencedirect.com/science/article/pii/S004060312200106X},
author = {Joseph A. Sarver and Grant A. {van Horn} and Erdogan Kiran}
}

@article{1045,
title = {Experimental correlation between ductility and J-integral in the transition region of 1045 steel},
journal = {Engineering Fracture Mechanics},
volume = {18},
number = {3},
pages = {679-691},
year = {1983},
issn = {0013-7944},
doi = {https://doi.org/10.1016/0013-7944(83)90059-0},
url = {https://www.sciencedirect.com/science/article/pii/0013794483900590},
author = {M.R. Bayoumi and M.N. Bassim}
}

@article{hdpe,
author = {Yuan, Qiang and Jiang, Wei and Zhang, Huixuan and Yin, Jinghua and An, Lijia and Li, R. K. Y.},
title = {Brittle–ductile transition in high-density polyethylene/glass-bead blends: Effects of interparticle distance and temperature},
journal = {Journal of Polymer Science Part B: Polymer Physics},
volume = {39},
number = {16},
pages = {1855-1859},
keywords = {high-density polyethylene (HDPE)/glass-bead blends, impact toughness, brittle–ductile transition, interparticle distance},
doi = {https://doi.org/10.1002/polb.1160},
url = {https://onlinelibrary.wiley.com/doi/abs/10.1002/polb.1160},
eprint = {https://onlinelibrary.wiley.com/doi/pdf/10.1002/polb.1160}
}
