@manual{manual,
author = "",
title = "Welding and Allied Processes",
date = {},
language = {},
version = {},
organization = "University of Illinois at Urbana-Champaign",
pagetotal = "15",
pubstate = {},
}